<record><leader>00000cas a22000007a 4500</leader><controlfield tag="001">9941483</controlfield><controlfield tag="008">830923d18701990nyuwr ne      0   a0eng d</controlfield><controlfield tag="009">3781</controlfield><datafield ind1=" " ind2=" " tag="010"><subfield code="a">sn 83031252 </subfield></datafield><datafield ind1=" " ind2=" " tag="040"><subfield code="a">NPU</subfield><subfield code="b">eng</subfield><subfield code="c">NPU</subfield><subfield code="d">NPX</subfield><subfield code="d">NSD</subfield><subfield code="d">NYS</subfield><subfield code="d">OCLCQ</subfield></datafield><datafield ind1=" " ind2=" " tag="012"><subfield code="m">1</subfield></datafield><datafield ind1="1" ind2=" " tag="022"><subfield code="a">1041-6269</subfield><subfield code="l">1041-6269</subfield><subfield code="2">1</subfield></datafield><datafield ind1="1" ind2=" " tag="029"><subfield code="a">AU@</subfield><subfield code="b">000024691989</subfield></datafield><datafield ind1=" " ind2=" " tag="032"><subfield code="a">328820</subfield><subfield code="b">USPS</subfield></datafield><datafield ind1=" " ind2=" " tag="042"><subfield code="a">msc</subfield><subfield code="a">nsdp</subfield></datafield><datafield ind1=" " ind2="4" tag="222"><subfield code="a">The Marathon independent</subfield></datafield><datafield ind1="0" ind2="0" tag="245"><subfield code="a">Marathon independent.</subfield></datafield><datafield ind1=" " ind2=" " tag="260"><subfield code="a">Marathon, N.Y. :</subfield><subfield code="b">Wallace Kelley</subfield></datafield><datafield ind1=" " ind2=" " tag="300"><subfield code="a">v. :</subfield><subfield code="b">ill. (chiefly adv.) ;</subfield><subfield code="c">61 cm.</subfield></datafield><datafield ind1=" " ind2=" " tag="310"><subfield code="a">Weekly</subfield></datafield><datafield ind1="0" ind2=" " tag="362"><subfield code="a">Vol. 1, no. 1 (July 19, 1870)-v. 117, no. 48 (July 26, 1990).</subfield></datafield><datafield ind1=" " ind2=" " tag="500"><subfield code="a">Published in Cortland, N.Y., &lt;Nov. 10, 1988&gt;-</subfield></datafield><datafield ind1=" " ind2=" " tag="515"><subfield code="a">Preceded by a specimen copy dated June 29, 1870.</subfield></datafield><datafield ind1=" " ind2="4" tag="651"><subfield code="a">Marathon (N.Y.)</subfield><subfield code="v">Newspapers.</subfield></datafield><datafield ind1=" " ind2="4" tag="651"><subfield code="a">Cortland (N.Y.)</subfield><subfield code="v">Newspapers.</subfield></datafield><datafield ind1=" " ind2=" " tag="752"><subfield code="a">United States</subfield><subfield code="b">New York</subfield><subfield code="c">Cortland</subfield><subfield code="d">Marathon.</subfield></datafield><datafield ind1=" " ind2=" " tag="752"><subfield code="a">United States</subfield><subfield code="b">New York</subfield><subfield code="c">Cortland</subfield><subfield code="d">Cortland.</subfield></datafield></record>